@BOOK{DUMMY:1,
    author = {Luenberger, David G. and Ye, Yinyu},
    title = {Linear and Nonlinear Programming},
    year = {2015},
    isbn = {3319188410},
    volume  = "228",
    publisher = {Springer Publishing Company, Incorporated},
    pages   = "1--28"
}


@BOOK{DUMMY:2,
    author = {Pinedo, Michael L.},
    title = {Scheduling: Theory, Algorithms, and Systems},
    edition = {5th},
    year    = "2016",
    isbn = {0387789340},
    publisher = {Springer Publishing Company, Incorporated},
    pages   = "1--28"
}

@BOOK{DUMMY:3,
    author = {Taha, Hamdy A.},
    title = {Operations Research: An Introduction (8th Edition)},
    year = {2006},
    isbn = {0131889230},
    volume  = "8",
    pages   = "81--151",
    publisher = {Pearson Prentice-Hall, Inc.},
}

@article{DUMMY:4,
    author  = "N. Karmakar",
    title   = "A new polynomial-time algorithm for linear programming",
    year    = "1984",
    journal = "Combinatorica",
    volume = 4,
    pages   = "373--395"
}

@BOOK{DUMMY:6,
    author  = "Wayne L. Winston",
    title   = "Operations {R}esearch {A}pplications and {A}lgorithms",
    year    = "2004",
    volume  = "4",
    pages   = "695--706",
    publisher = "Thomson Brooks/Cole"
}


@book{schedalgos,
author = {Brucker, Peter},
title = {Scheduling Algorithms},
year = "2001",
isbn = "3540415106",
pages   = "1--178",
publisher = {Springer-Verlag},
address = {Berlin, Heidelberg},
edition = {3rd}
}

@book{robustoptimisation,
author = {Ben-Tal, Aharon and Ghaoui, Laurent and Nemirovski, Arkadi},
year = {2009},
month = {08},
pages = {},
title = {Robust Optimization},
publisher = {Princeton University Press},
journal = {Robust Optimization},
doi = {10.1515/9781400831050}
}

%%%%%%%%%%%%%%%%%%%%%%%%%%%%%%%%%%%%%%%articels

@article{grinding,
author = {Khalilpourazari, Soheyl and Khalilpourazary, Saman},
year = {2016},
month = {08},
pages = {},
title = {A lexicographic weighted Tchebycheff approach for multi-constrained multi-objective optimization of the surface grinding process},
journal = {Engineering Optimization},
doi = {10.1080/0305215X.2016.1214437}
}

@article{natashapage,
  title={Vehicle Optimisation in Royal Mail Delivery Offices},
  author={Natasha Page},
  journal = {Imperial College London PhD Thesis},
  year={2018}
}

@article{christodoulos,
  title={Robust Counterpart Optimization : Uncertainty Sets , Formulations and Probabilistic Guarantees},
  author={Zukui Li and Christodoulos A. Floudas},
  journal = {Princeton University Press},
  year={2011},
  pages = {1-5}
}

@article{DBLP:journals/corr/abs-1805-03437,
  author    = {Dimitrios Letsios and
               Ruth Misener},
  title     = {Exact Lexicographic Scheduling and Approximate Rescheduling},
  journal   = {CoRR},
  volume    = {abs/1805.03437},
  year      = {2018},
  archivePrefix = {arXiv},
  eprint    = {1805.03437},
  timestamp = {Mon, 13 Aug 2018 16:48:38 +0200}
}

@inproceedings{DBLP:approximatingbounded,
  author    = {Jeremy T. Bradley and
               Dimitrios Letsios and
               Ruth Misener and
               Natasha Page},
  editor    = {Yingshu Li and
               Mihaela Cardei and
               Yan Huang},
  title     = {Approximating Bounded Job Start Scheduling with Application in Royal
               Mail Deliveries Under Uncertainty},
  booktitle = {Combinatorial Optimization and Applications - 13th International Conference,
               {COCOA} 2019, Xiamen, China, December 13-15, 2019, Proceedings},
  series    = {Lecture Notes in Computer Science},
  volume    = {11949},
  pages     = {69--81},
  publisher = {Springer},
  year      = {2019},
  doi       = {10.1007/978-3-030-36412-0\_6},
  timestamp = {Fri, 27 Mar 2020 08:54:34 +0100}
}

﻿@Article{Wedelin1995,
author={Wedelin, Dag},
title={An algorithm for large scale 0--1 integer programming with application to airline crew scheduling},
journal={Annals of Operations Research},
year={1995},
month={Dec},
day={01},
volume={57},
number={1},
pages={283-301},
issn={1572-9338},
doi={10.1007/BF02099703}
}

@INPROCEEDINGS{ieeeeee,
  author={C. {Wang} and P. B. {Luh} and P. {Gribik} and L. {Zhang} and T. {Peng}},
  booktitle={IEEE PES General Meeting}, 
  title={The subgradient-simplex based cutting plane method for convex hull pricing}, 
  year={2010},
  volume={},
  number={},
  pages={1-8},}

@article{doi:surveyVRP,
author = {Solomon, Marius M. and Desrosiers, Jacques},
title = {Survey Paper—Time Window Constrained Routing and Scheduling Problems},
journal = {Transportation Science},
volume = {22},
number = {1},
pages = {1-13},
year = {1988},
doi = {10.1287/trsc.22.1.1},
}

@article{gomory1958,
author = "Gomory, Ralph E.",
fjournal = "Bulletin of the American Mathematical Society",
journal = "Bull. Amer. Math. Soc.",
month = "09",
number = "5",
pages = "275--278",
publisher = "American Mathematical Society",
title = "Outline of an algorithm for integer solutions to linear programs",
volume = "64",
year = "1958"
}

@article{BALAS19961,
title = "Gomory cuts revisited",
journal = "Operations Research Letters",
volume = "19",
number = "1",
pages = "1 - 9",
year = "1996",
issn = "0167-6377",
author = "E. Balas and S. Ceria and G. Cornuéjols and N. Natraj",
keywords = "Mixed 0–1 programming, Gomory cuts, Lift and project",
}

@article{cornelio,
author="Cornu{\'e}jols, G{\'e}rard",
title="Revival of the Gomory cuts in the 1990's",
journal="Annals of Operations Research",
year="2007",
month="Feb",
day="01",
volume="149",
number="1",
pages="63-66",
issn="1572-9338",
doi="10.1007/s10479-006-0100-1",
}


@article{LAPORTE1992345,
title = "The vehicle routing problem: An overview of exact and approximate algorithms",
journal = "European Journal of Operational Research",
volume = "59",
number = "3",
pages = "345 - 358",
year = "1992",
issn = "0377-2217",
author = "Gilbert Laporte",
keywords = "Vehicle Routing Problem, survey",
abstract = "In this paper, some of the main known results relative to the Vehicle Routing Problem are surveyed. The paper is organized as follows: (1) definition; (2) exact algorithms; (3) heuristic algorithms; (4) conclusion."
}

@article{approx,
title = "Approximations for minimum and min-max vehicle routing problems",
journal = "Journal of Algorithms",
volume = "59",
number = "1",
pages = "1 - 18",
year = "2006",
issn = "0196-6774",
author = "Esther M. Arkin and Refael Hassin and Asaf Levin",
}

@article{robustuncertainty,
  title={Mixed Uncertainty Sets for Robust Combinatorial Optimization},
  author={Trivikram Dokka and Marc Goerigk and Rahul Roy},
  journal={ArXiv},
  year={2018},
  volume={abs/1812.04895}
}

@article{Bertsimas2011TheoryAA,
  title={Theory and Applications of Robust Optimization},
  author={Dimitris Bertsimas and David B. Brown and Constantine Caramanis},
  journal={SIAM Review},
  year={2011},
  volume={53},
  pages={464-501}
}

@article{GORISSEN2015124,
title = "A practical guide to robust optimization",
journal = "Omega",
volume = "53",
pages = "124 - 137",
year = "2015",
issn = "0305-0483",
author = "Bram L. Gorissen and İhsan Yanıkoğlu and Dick [den Hertog]",
keywords = "Robust optimization, Adjustable robust optimization",
}

@article{PRAKASH2010,
   title = {{Pareto optimal solutions for multi-objective generalized assignment problem}},
   journal = {{South African Journal of Industrial Engineering}},
   author={Prakash, S. AND Sharma, M.K. AND Singh, A.},
   ISSN = {2224-7890},
   language = {en},
   volume = {21},
   year = {2010},
   month = {00},
   pages = {91 - 100},
   publisher = {scieloza},
   }
   
   @article{Coffman1978AnAO,
  title={An Application of Bin-Packing to Multiprocessor Scheduling},
  author={Edward G. Coffman and M. R. Garey and David S. Johnson},
  journal={SIAM J. Comput.},
  year={1978},
  volume={7},
  pages={1-17}
}


@article{Taheri2014ParetoFF,
  title={Pareto frontier for job execution and data transfer time in hybrid clouds},
  author={Javid Taheri and Albert Y. Zomaya and Howard Jay Siegel and Zahir Tari},
  journal={Future Gener. Comput. Syst.},
  year={2014},
  volume={37},
  pages={321-334}
}

@article{vertsimas,
author = {Bertsimas, Dimitris and Sim, Melvyn},
title = {The Price of Robustness},
year = {2004},
issue_date = {January 2004},
publisher = {INFORMS},
volume = {52},
number = {1},
issn = {0030-364X},
doi = {10.1287/opre.1030.0065},
journal = {Oper. Res.},
month = jan,
pages = {35–53},
numpages = {19}
}


﻿@Article{Ben-Tal2000,
author={Ben-Tal, Aharon
and Nemirovski, Arkadi},
title={Robust solutions of Linear Programming problems contaminated with uncertain data},
journal={Mathematical Programming},
year={2000},
month={Sep},
day={01},
volume={88},
number={3},
pages={411-424},
issn={1436-4646}
}

@article{concstructuncertaity,
author = {Bertsimas, Dimitris and Brown, David},
year = {2009},
month = {12},
pages = {1483-1495},
title = {Constructing Uncertainty Sets for Robust Linear Optimization},
volume = {57},
journal = {Operations Research},
doi = {10.1287/opre.1080.0646}
}